
@article{van_den_heuvel_circles_2016,
	title = {Circles of {Confidence} in {Correspondence}: {Modeling} {Confidentiality} and {Secrecy} in {Knowledge} {Exchange} {Networks} of {Letters} and {Drawings} in the {Early} {Modern} {Period}},
	volume = {31},
	shorttitle = {Circles of {Confidence} in {Correspondence}},
	number = {1},
	journal = {Nuncius},
	author = {Van Den Heuvel, Charles and Weingart, Scott B. and Spelt, Nils and Nellen, Henk},
	year = {2016},
	pages = {78--106}
}

@article{van_den_heuvel_mapping_2015,
	title = {Mapping knowledge exchange in early modern {Europe}: intellectual and technological geographies and network representations},
	volume = {9},
	shorttitle = {Mapping knowledge exchange in early modern {Europe}},
	number = {1},
	journal = {International Journal of Humanities and Arts Computing},
	author = {Van Den Heuvel, Charles},
	year = {2015},
	pages = {95--114}
}

@inproceedings{roorda_letters_2010,
	title = {Letters, {Ideas} and {Information} {Technology}: {Using} digital corpora of letters to disclose the circulation of knowledge in the 17th century.},
	shorttitle = {Letters, {Ideas} and {Information} {Technology}},
	booktitle = {{DH}},
	author = {Roorda, Dirk and Bos, Erik-Jan and van den Heuvel, Charles},
	year = {2010},
	pages = {211--213}
}

@article{edelstein_historical_2017,
	title = {Historical {Research} in a {Digital} {Age}: {Reflections} from the {Mapping} the {Republic} of {Letters} {ProjectHistorical} {Research} in a {Digital} {Age}},
	volume = {122},
	shorttitle = {Historical {Research} in a {Digital} {Age}},
	number = {2},
	journal = {The American Historical Review},
	author = {Edelstein, Dan and Findlen, Paula and Ceserani, Giovanna and Winterer, Caroline and Coleman, Nicole},
	year = {2017},
	pages = {400--424}
}

@book{cardoso_catalogo_2016,
	address = {Campina Grande},
	edition = {1},
	title = {Catálogo geral dos manuscritos avulsos e em códices referentes à escravidão negra no {Brasil} existentes no {Arquivo} {Histórico} {Ultramarino}},
	publisher = {EDUEPB},
	editor = {Cardoso, Juciene Ricarte and Quieroz, Josinaldo Sousa de and Luiz, Janailson Macedo and Melo, Thiago Silveira de},
	year = {2016}
}

@incollection{dias_conselho_2016,
	title = {Conselho {Ultramarino} e {Secretaria} do {Estado}},
	booktitle = {Catálogo {Geral} dos manuscritos e em códices referentes à escravidão negra no {Brasil} existentes no {Arquivo} {Histórico} {Ultramarino}},
	publisher = {EDUEPB},
	author = {Dias, Erika Simone de Almeida Carlos},
	collaborator = {Cardoso, Juciene Ricarte, J. and Quieroz, Josinaldo Sousa de and Luiz, Janailson Macedo and Melo, Thiago Silveira de},
	year = {2016},
	pages = {26--31}
}

@article{fernandes_beyond_1969,
	title = {Beyond {Poverty}: the negro and the mulatto in {Brazil}},
	volume = {58},
	shorttitle = {Beyond {Poverty}},
	journal = {Journal de la Société des américanistes},
	author = {Fernandes, Florestan},
	year = {1969},
	pages = {121--137}
}

@book{arquivo_historico_colonial_boletim_1950,
	title = {Boletim do {Arquivo} {Histórico} {Colonial}},
	volume = {1},
	publisher = {Arquivo Histórico Colonial},
	author = {{Arquivo Histórico Colonial}},
	year = {1950}
}

@book{da_costa_da_1997,
	title = {Da senzala à colônia},
	publisher = {Editora UNESP},
	author = {Da Costa, Emília Viotti},
	year = {1997}
}

@article{padgett_introduction_2011,
	title = {Introduction to “{Marriage} and {Elite} {Structure} in {Renaissance} {Florence}, 1282-1500”},
	volume = {21},
	journal = {Redes. Revista hispana para el análisis de redes sociales},
	author = {Padgett, John F.},
	year = {2011},
	pages = {33--41}
}

@article{martinez_combining_2003,
	title = {Combining qualitative evaluation and social network analysis for the study of classroom social interactions},
	volume = {41},
	number = {4},
	journal = {Computers \& Education},
	author = {Martınez, A. and Dimitriadis, Yannis and Rubia, Bartolomé and Gómez, Eduardo and De la Fuente, Pablo},
	year = {2003},
	pages = {353--368}
}

@book{junior_formacao_1957,
	title = {Formação do {Brasil} contemporâneo},
	volume = {1},
	publisher = {Editora Brasiliense},
	author = {Júnior, Caio Prado},
	year = {1957}
}

@book{hespanha_filhos_2019,
	title = {Filhos da terra: identidades mestiças nos confins da expansão portuguesa},
	shorttitle = {Filhos da terra},
	publisher = {Tinta da China},
	author = {Hespanha, António Manuel},
	year = {2019}
}

@book{guedes_dinamica_2013,
	title = {Dinâmica imperial no {Antigo} {Regime} português},
	publisher = {Mauad},
	author = {Guedes, Roberto},
	year = {2013}
}

@article{fragoso_monarquia_2009,
	title = {Monarquia pluricontinental e repúblicas: algumas reflexões sobre a {América} lusa nos séculos {XVI}-{XVIII}},
	volume = {14},
	shorttitle = {Monarquia pluricontinental e repúblicas},
	number = {27},
	journal = {Revista Tempo},
	author = {Fragoso, João and Gouvêa, Maria de Fátima},
	year = {2009},
	pages = {49--63}
}

@incollection{cardim_as_2016,
	title = {As {Cortes} de {Portugal} e o governo dos “territórios ultramarinos” (séculos {XVI}-{XVII})},
	booktitle = {O governo dos outros: poder e diferença no império português},
	publisher = {Imprensa de Ciências Sociais},
	author = {Cardim, Pedro},
	collaborator = {Xavier, Ângela Barreto and Silva, Cristina Nogueira da},
	year = {2016},
	pages = {437--466}
}

@book{bellotto_arquivos_2004,
	title = {Arquivos permanentes: tratamento documental},
	shorttitle = {Arquivos permanentes},
	publisher = {FGV editora},
	author = {Bellotto, Heloísa Liberalli},
	year = {2004}
}

@article{blei_latent_2003,
	title = {Latent dirichlet allocation},
	volume = {3},
	number = {Jan},
	journal = {Journal of machine Learning research},
	author = {Blei, David M. and Ng, Andrew Y. and Jordan, Michael I.},
	year = {2003},
	pages = {993--1022}
}

@book{acioli_fontes_2006,
	title = {Fontes repatriadas: anotações de história colonial, referenciais para pesquisa, índices do catálogo da capitania de {Pernambuco}},
	shorttitle = {Fontes repatriadas},
	publisher = {Universitária da UFPE},
	author = {Acioli, Vera Lúcia Costa and Barbosa, Maria do Socorro Ferraz and Assis, Virgínia Maria Almoêdo de},
	year = {2006}
}

@book{antunes_beyond_2016,
	title = {Beyond empires: global, self-organizing, cross-imperial networks, 1500-1800},
	shorttitle = {Beyond empires},
	publisher = {Brill},
	author = {Antunes, Cátia AP and Polónia, Amélia},
	year = {2016}
}

@inproceedings{kenna_maths_2015,
	title = {Maths meets myths: network investigations of ancient narratives},
	volume = {681},
	shorttitle = {Maths meets myths},
	booktitle = {Journal of {Physics}: {Conference} {Series}},
	publisher = {IOP Publishing},
	author = {Kenna, Ralph and Mac Carron, Pádraig},
	year = {2015},
	pages = {012002}
}

@article{padgett_economic_2011,
	title = {Economic credit in renaissance {Florence}},
	volume = {83},
	number = {1},
	journal = {The Journal of Modern History},
	author = {Padgett, John F. and McLean, Paul D.},
	year = {2011},
	pages = {1--47}
}

@book{fragoso_monarquia_2012,
	address = {Rio de Janeiro},
	title = {Monarquia {Pluricontinental} e a governança da terra no ultramar atlântico luso. {Séculos} {XVI}-{XVIII}.},
	publisher = {Mauad},
	author = {Fragoso, João Luís Ribeiro and Jucá de Sampaio, A.C.},
	year = {2012}
}

@techreport{edwards_mixed-method_2010,
	title = {Mixed-method approaches to social network analysis},
	number = {15},
	institution = {National Centre for Research Methods},
	author = {Edwards, Gemma},
	year = {2010}
}

@book{dominguez_mixed_2014,
	title = {Mixed methods social networks research: {Design} and applications},
	volume = {36},
	shorttitle = {Mixed methods social networks research},
	publisher = {Cambridge University Press},
	author = {Domínguez, Silvia and Hollstein, Betina},
	year = {2014}
}


@article{franzosi_narrative_1998,
	title = {Narrative as data: {Linguistic} and statistical tools for the quantitative study of historical events},
	volume = {43},
	shorttitle = {Narrative as data},
	number = {S6},
	journal = {International review of social history},
	author = {Franzosi, Roberto},
	year = {1998},
	pages = {81--104}
}

@inproceedings{wittek_supporting_2011,
	title = {Supporting the {Exploration} of a {Corpus} of 17th-{Century} {Scholarly} {Correspondences} by {Topic} {Modeling}.},
	booktitle = {{SDH} 2011 {Supporting} {Digital} {Humanities}: {Answering} the unaskable},
	publisher = {University of Copenhagen},
	author = {Wittek, Peter and Ravenek, Walter},
	year = {2011}
}

@article{coolahan_material_2017,
	title = {The {Material} {Cultures} of {Early} {Modern} {Women}'s {Writing}},
	volume = {11},
	number = {2},
	journal = {Early Modern Women},
	author = {Coolahan, Marie-Louise},
	year = {2017},
	pages = {151--154}
}

@inproceedings{booth_only_2017,
	title = {Only {Connect}!: {Intertextuality}, {Circulation}, and {Networks} in {Digital} {Resources} for {Women}'s {Writing}.},
	shorttitle = {Only {Connect}!},
	booktitle = {{DH}},
	author = {Booth, Alison and Connell, Sarah Elizabeth and Coolahan, Marie-Louise and Boggs, Jeremy and Flanders, Julia and Kelly, David and Mapp, Rennie and Martin, Worthy},
	year = {2017}
}

@article{warren_six_2016,
	title = {Six {Degrees} of {Francis} {Bacon}: {A} {Statistical} {Method} for {Reconstructing} {Large} {Historical} {Social} {Networks}.},
	volume = {10},
	shorttitle = {Six {Degrees} of {Francis} {Bacon}},
	number = {3},
	journal = {DHQ: Digital Humanities Quarterly},
	author = {Warren, Christopher N. and Shore, Daniel and Otis, Jessica and Wang, Lawrence and Finegold, Mike and Shalizi, Cosma},
	year = {2016}
}

@book{jurafsky_speech_2008,
	title = {Speech and {Language} {Processing}: {An} {Introduction} to {Natural} {Language} {Processing}, {Computational} {Linguistics}, and {Speech} {Recognition}},
	shorttitle = {Speech and {Language} {Processing}},
	publisher = {Nueva Jersey: Prentice Hall},
	author = {Jurafsky, Daniel and Martin, James H.},
	year = {2008}
}

@book{barreto_xavier_monarquias_2018,
	title = {Monarquias ibéricas em perspectiva comparada (séculos {XVI}-{XVIII}): dinâmicas imperiais e circulação de modelos políticos-administrativos},
	shorttitle = {Monarquias ibéricas em perspectiva comparada (séculos {XVI}-{XVIII})},
	publisher = {Imprensa de Ciências Sociais},
	author = {Barreto Xavier, Ângela and Palomo del Barrio, Federico and Stumpf, Roberta},
	year = {2018}
}

@book{da_costa_brazilian_2000,
	title = {The {Brazilian} {Empire}: {Myths} and {Histories}},
	publisher = {University of North Carolina Press},
	author = {Da Costa, Emília Viotti},
	year = {2000}
}

@article{ratcliff_pattern-matching-gestalt_1988,
	title = {Pattern-matching-the gestalt approach},
	volume = {13},
	number = {7},
	journal = {Dr Dobbs Journal},
	author = {Ratcliff, John W. and Metzener, David E.},
	year = {1988},
	pages = {46}
}

@book{prado_colonial_1967,
	title = {The colonial background of modern {Brazil}},
	publisher = {University of California Press},
	author = {Prado, Caio},
	year = {1967}
}

@article{novais_portugal_1995,
	title = {Portugal e {Brasil} na crise do antigo sistema colonial (1777-1808)},
	author = {Novais, Fernando A.},
	year = {1995}
}

@article{mclean_circulation_2014,
	title = {The circulation of interpersonal credit in {Renaissance} {Florence}},
	volume = {55},
	number = {2},
	journal = {European Journal of Sociology/Archives Européennes de Sociologie},
	author = {McLean, Paul D. and Gondal, Neha},
	year = {2014},
	pages = {135--176}
}

@book{lemercier_quantitative_2019,
	title = {Quantitative {Methods} in the {Humanities}: {An} {Introduction}},
	shorttitle = {Quantitative {Methods} in the {Humanities}},
	publisher = {University of Virginia Press},
	author = {Lemercier, Claire and Zalc, Claire},
	year = {2019}
}

@book{xavier_o_2016,
	title = {O governo dos outros: poder e diferença no império português},
	shorttitle = {O governo dos outros},
	publisher = {Imprensa de Ciências Sociais},
	author = {Xavier, Ângela Barreto and Silva, Cristina Nogueira da},
	year = {2016}
}

@book{boschi_o_2011,
	title = {O {Brasil}-{Colônia} nos arquivos históricos de {Portugal}: roteiro sumário},
	shorttitle = {O {Brasil}-{Colônia} nos arquivos históricos de {Portugal}},
	publisher = {Alameda},
	author = {Boschi, Caio César},
	year = {2011}
}

@book{bird_natural_2009,
	title = {Natural language processing with {Python}: analyzing text with the natural language toolkit},
	shorttitle = {Natural language processing with {Python}},
	publisher = {O'Reilly},
	author = {Bird, Steven and Klein, Ewan and Loper, Edward},
	year = {2009}
}

@book{fragoso_um_2017,
	title = {Um reino e suas repúblicas no {Atlântico}: comunicações políticas entre {Portugal}, {Brasil} e {Angola} nos séculos {XVII} e {XVIII}},
	isbn = {978-85-200-1269-7},
	shorttitle = {Um reino e suas repúblicas no {Atlântico}},
	language = {Portuguese},
	publisher = {Civilização Brasileira},
	author = {Fragoso, João Luís Ribeiro and Monteiro, Nuno Gonçalo and Costa, André},
	year = {2017},
	note = {OCLC: 1005167325}
}

@article{ahnert_protestant_2015,
	title = {Protestant letter networks in the reign of {Mary} {I}: a quantitative approach},
	volume = {82},
	shorttitle = {Protestant letter networks in the reign of {Mary} {I}},
	number = {1},
	journal = {ELH},
	author = {Ahnert, Ruth and Ahnert, Sebastian E.},
	year = {2015},
	pages = {1--1}
}

@article{gondal_what_2013,
	title = {What makes a network go round? {Exploring} the structure of a strong component with exponential random graph models},
	volume = {35},
	shorttitle = {What makes a network go round?},
	number = {4},
	journal = {Social Networks},
	author = {Gondal, Neha and McLean, Paul D.},
	year = {2013},
	pages = {499--513}
}

@incollection{ribeiro_da_silva_trans-imperial_2018,
	address = {Leiden},
	title = {Trans-imperial and cross-cultural networks for the slave trade, 1580s-1800s.},
	booktitle = {Beyond {Empires}. {Global} {Self}-organizing, cross-imperial networks, 1500-1800.},
	publisher = {Brill},
	author = {Ribeiro da Silva, F.},
	collaborator = {Antunes, Cátia AP and Polónia, Amélia},
	year = {2018},
	pages = {41--68}
}

@book{mclean_art_2007,
	address = {Durham \& London.},
	title = {The {Art} of the {Network}. {Strategic} {Interaction} and {Patronage} in {Renaissance} {Florence}.},
	abstract = {The book examines the strategic, career-making activity of the writers of Florentine
patronage letters, showing how they actively constructed their social networks and
presented credible portraits of themselves through a host of conversational and
discursive techniques that appear with marked regularity in thousands of letters. It
offers to sociologists of culture a set of concepts borrowed (in part) from discourse
analysis, concepts that help transcend the divide between self-interest-based and
structural position-based explanations of ‘networking.’ It analyzes the social history
of the key Renaissance concept of honor, and describes how this strategic
interaction impinged on the development of the Florentine state and on modern
constructions of the self.},
	publisher = {Duke University Press},
	author = {McLean, Paul D.},
	year = {2007}
}

@article{mcshane_visualising_2018,
	title = {Visualising the {Reception} and {Circulation} of {Early} {Modern} {Nuns}’ {Letters}.},
	volume = {2(1)},
	abstract = {This article applies network analysis tools to letters written by and about English Benedictine nuns living in Brussels during the seventeenth century in order to demonstrate the ways in which such an approach expands our picture of early modern religious communities, makes visible the protagonists of religious controversy, and advances debates about enclosure and anonymity. The dataset for this network analysis is taken from the RECIRC project database (the project is entitled “The Reception and Circulation of Early Modern Women’s Writing, 1550-1700” http://recirc.nuigalway.ie/). The RECIRC project is producing a large-scale quantitative analysis of the ways in which women’s writing was received and circulated in the early modern English-speaking world; its database will be open-access from the project’s close. The project has captured reception data on a range of female-authored sources, including texts produced in English convents established in Europe during the sixteenth and seventeenth centuries. The metadata extracted from the nuns’ letters that form the basis of this study have generated 1,188 reception records, each tracing a connection between a female author and a receiver. Network analysis is shown here to illuminate debates about the nature and extent of enclosure imposed upon early modern nuns, as well as the sheer breadth and diversity of their epistolary relationships. Furthermore, it exposes otherwise invisible protagonists in religious controversy, and progresses methodological debates about the presentation of data relating to anonymity.},
	journal = {Journal of Historical Network Research},
	author = {McShane, Bronagh Ann},
	year = {2018},
	note = {tex.ids: mcshane\_visualising\_2018},
	pages = {1--25}
}

@article{padgett_robust_1993,
	title = {Robust {Action} and the {Rise} of the {Medici}, 1400-1434},
	volume = {98},
	number = {6},
	journal = {American journal of sociology},
	author = {Padgett, John F. and Ansell, Christopher K.},
	year = {1993},
	pages = {1259--1319}
}

@article{crossley_social_2010,
	title = {The social world of the network. {Combining} qualitative and quantitative elements in social network analysis},
	volume = {4},
	number = {1},
	journal = {Sociologica},
	author = {Crossley, Nick},
	year = {2010},
	note = {tex.ids: crossley\_social\_2010-1},
	pages = {0--0}
}
